@misc{ref:Pauli,
  title={Letter to a Physicists' Gathering at Tubingen},
  author={Pauli, W.},
  year={1930}
}
%Wolfgang Pauli},

@article{ref:Chadwick,
  title={Possible Existence of a Neutron},
  author={Chadwick, J.},
  journal={Nature},
  volume={192},
  pages={312},
  year={1932}
}
%James Chadwick},
  %number={3252},

@article{ref:Fermi,
  title={Versuch einer Theorie der $\beta$-Strahlen},
  author={Fermi, E.},
  journal={Zeitschrift f\"{u}r Physik},
  volume={88},
  pages={161-177},
  year={1934}
}
%Enrico Fermi},
  %number={3-4},

@article{ref:1953,
  title={Detection of the Free Neutrino},
  author={Reines, F. and Cowan, C. L.},
  journal={Physical Review},
  volume={92},
  pages={830-831},
  year={1953}
}
%Fred Reines and Clyde L. Cowan},
  %number={3},

@article{ref:1956,
  title={Detection of the Free Neutrino: A Confirmation},
  author={Cowan, C. L. and Reines, F. and Harrison, F. B. and Kruse, H. W. and McGuire, A. D.},
  journal={Science},
  volume={124},
  pages={103-104},
  year={1956}
}
%Clyde L. Cowan and Fred Reines and F. B. Harrison and H. W. Kruse and A. D. McGuire},
  %number={3212},

@article{ref:BNL,
  title={Observation of High-Energy Neutrino Reactions and the Existence of Two Kinds of Neutrinos},
  author={G. Danby et al},
  journal={Physical Review Letters},
  volume={9},
  pages={36-44},
  year={1962}
}
%G. Danby and J.-M. Gaillard and K. Goulianos and Leon M. Lederman and N. Mistry and M. Schwartz and J. Steinberger},
  %number={1},

@article{ref:DONUT,
  title={Observation of Tau Neutrino Interactions},
  author={DONUT Collaboration and K. Kodama et al},
  journal={Physics Letters B},
  volume={504},
  pages={218-224},
  year={2001}
}
%DONUT Collaboration and K. Kodama et al},
  %number={3},

@article{Eigen1971,
  title={Selforganization of matter and the evolution of biological macromolecules},
  author={Eigen, Manfred},
  journal={Naturwissenschaften},
  volume={58},
  number={10},
  pages={465--523},
  year={1971},
  publisher={Springer}
}

@article{Knuth1968,
  title={Semantics of Context-free Languages},
  author={Knuth, Donald E},
  journal={Mathematical Systems Theory},
  volume={2},
  number={2},
  pages={127--145},
  year={1968},
  publisher={Springer}
}